<collection xmlns="http://www.loc.gov/MARC21/slim">
<record>
  <leader>01553nam0a22002891i 450 </leader>
  <controlfield tag="001">IT\ICCU\CNCE\031224</controlfield>
  <controlfield tag="005">20030530000000.0</controlfield>
  <datafield tag="100" ind1=" " ind2=" ">
    <subfield code="a">19971202d1503        0itac0103    ba</subfield>
  </datafield>
  <datafield tag="101" ind1=" " ind2=" ">
    <subfield code="a">LAT</subfield>
  </datafield>
  <datafield tag="102" ind1=" " ind2=" ">
    <subfield code="a">IT</subfield>
  </datafield>
  <datafield tag="200" ind1="1" ind2=" ">
    <subfield code="a">Aureus et in practica perutilis totus et singularis tractatus feudorum et homagiorum. Per ... Jacobinum de Sancto Georgio</subfield>
  </datafield>
  <datafield tag="210" ind1=" " ind2=" ">
    <subfield code="a">Mediolani \sic!</subfield>
    <subfield code="c">per Iohanem Angelum Scinzenzeler</subfield>
    <subfield code="c">ad impensas Ioan. Iaco. et fratrum de Lignano</subfield>
    <subfield code="d">1503 die XXX Augusti</subfield>
  </datafield>
  <datafield tag="215" ind1=" " ind2=" ">
    <subfield code="a">43 \9! c.</subfield>
    <subfield code="d">fol</subfield>
  </datafield>
  <datafield tag="620" ind1=" " ind2=" ">
    <subfield code="a">IT</subfield>
    <subfield code="d">Milano</subfield>
  </datafield>
  <datafield tag="700" ind1=" " ind2="1">
    <subfield code="a">Sangiorgio,</subfield>
    <subfield code="b">Giacomo</subfield>
    <subfield code="3">IT\ICCU\CNCA\007396</subfield>
  </datafield>
  <datafield tag="712" ind1="0" ind2="0">
    <subfield code="a">Scinzenzeler, Giovanni Angelo</subfield>
    <subfield code="3">IT\ICCU\CNCT\000084</subfield>
    <subfield code="4">650</subfield>
  </datafield>
  <datafield tag="712" ind1="0" ind2="0">
    <subfield code="a">Da_Legnano, Giovanni Giacomo &amp; fratelli</subfield>
    <subfield code="3">IT\ICCU\CNCT\001554</subfield>
    <subfield code="4">650</subfield>
  </datafield>
  <datafield tag="790" ind1=" " ind2="0">
    <subfield code="a">Iacobinus</subfield>
    <subfield code="c"> : de#Sancto Georgio</subfield>
    <subfield code="3">IT\ICCU\CNCA\009419</subfield>
    <subfield code="z">Sangiorgio, Giacomo</subfield>
  </datafield>
  <datafield tag="790" ind1=" " ind2="1">
    <subfield code="a">San Giorgio,</subfield>
    <subfield code="b">Giacomino : da</subfield>
    <subfield code="3">IT\ICCU\CNCA\016134</subfield>
    <subfield code="z">Sangiorgio, Giacomo</subfield>
  </datafield>
  <datafield tag="790" ind1=" " ind2="0">
    <subfield code="a">Jacobinus</subfield>
    <subfield code="c"> : de#Sancto Georgio</subfield>
    <subfield code="3">IT\ICCU\CNCA\016135</subfield>
    <subfield code="z">Sangiorgio, Giacomo</subfield>
  </datafield>
  <datafield tag="790" ind1=" " ind2="1">
    <subfield code="a">Giorgio,</subfield>
    <subfield code="b">Giacomino : da#San</subfield>
    <subfield code="3">IT\ICCU\CNCA\023913</subfield>
    <subfield code="z">Sangiorgio, Giacomo</subfield>
  </datafield>
  <datafield tag="790" ind1=" " ind2="1">
    <subfield code="a">Sancto Georgio,</subfield>
    <subfield code="b">Iacobinus : de</subfield>
    <subfield code="3">IT\ICCU\CNCA\023914</subfield>
    <subfield code="z">Sangiorgio, Giacomo</subfield>
  </datafield>
  <datafield tag="790" ind1=" " ind2="0">
    <subfield code="a">Giacomino</subfield>
    <subfield code="c"> : da#San Giorgio</subfield>
    <subfield code="3">IT\ICCU\CNCA\023943</subfield>
    <subfield code="z">Sangiorgio, Giacomo</subfield>
  </datafield>
  <datafield tag="790" ind1=" " ind2="1">
    <subfield code="a">Michelotto,</subfield>
    <subfield code="b">Giacobino</subfield>
    <subfield code="3">IT\ICCU\CNCA\026458</subfield>
    <subfield code="z">Sangiorgio, Giacomo</subfield>
  </datafield>
  <datafield tag="791" ind1="0" ind2="0">
    <subfield code="a">Schinzenzeler, Giovanni Angelo</subfield>
    <subfield code="3">IT\ICCU\CNCT\005621</subfield>
    <subfield code="z">Scinzenzeler, Giovanni Angelo</subfield>
  </datafield>
  <datafield tag="801" ind1=" " ind2="3">
    <subfield code="a">IT</subfield>
    <subfield code="b">ICCU</subfield>
    <subfield code="c">20201114</subfield>
  </datafield>
  <datafield tag="899" ind1=" " ind2=" ">
    <subfield code="a">Biblioteca provinciale dei Cappuccini liguri. Genova</subfield>
    <subfield code="1">GE0039</subfield>
    <subfield code="2">LIG 27</subfield>
  </datafield>
</record>
</collection>
